<?xml version="1.0" encoding="utf-8"?>
<record xmlns="http://www.loc.gov/MARC21/slim" xmlns:xsi="http://www.w3.org/2001/XMLSchema-instance" xsi:schemaLocation="http://www.loc.gov/MARC21/slim http://www.loc.gov/standards/marcxml/schema/MARC21slim.xsd">
	<leader>     nam a22     Mi 4500</leader>
	<controlfield tag="001">b12362839</controlfield>
	<controlfield tag="003">LeBAU</controlfield>
	<controlfield tag="006">m        d        </controlfield>
	<controlfield tag="007">cr cn |||m|||a</controlfield>
	<controlfield tag="008">190123s1945    tu      o     ||0 0 ara d</controlfield>
	<datafield ind1=" " ind2=" " tag="040">
		<subfield code="a">ZYU</subfield>
		<subfield code="b">ara</subfield>
		<subfield code="e">rda</subfield>
		<subfield code="c">ZYU</subfield>
	</datafield>
	<datafield ind1="0" ind2=" " tag="041">
		<subfield code="a">ara</subfield>
		<subfield code="b">fre</subfield>
	</datafield>
	<datafield ind1=" " ind2="4" tag="050">
		<subfield code="a">B753</subfield>
		<subfield code="b">.S83 1945</subfield>
	</datafield>
	<datafield ind1="0" ind2="4" tag="082">
		<subfield code="a">189.3</subfield>
		<subfield code="2">22</subfield>
	</datafield>
	<datafield ind1="1" ind2=" " tag="100">
		<subfield code="6">880-01</subfield>
		<subfield code="a">Suhrawardī, Yaḥyá ibn Ḥabash,</subfield>
		<subfield code="d">1152 or 1153-1191,</subfield>
		<subfield code="e">author.</subfield>
	</datafield>
	<datafield ind1="1" ind2="0" tag="245">
		<subfield code="6">880-02</subfield>
		<subfield code="a">Majmūʻah fī al-ḥikmah al-ilāhīyah /</subfield>
		<subfield code="c">min muṣannafāt Shihāb al-Dīn Yaḥyá ibn Ḥabash al-Suhrawardī ; ʻuniya bi-taṣḥīḥihi H. Kūrbīn = OPERA METAPHYSICA ET MYSTICA / ṢIHĀBADDĪN YAḤYĀ AS-SUHRAWARDĪ / EDIDIT ET PROLEGOMENIS INSTRUXIT HENRICUS CORBIN.</subfield>
	</datafield>
	<datafield ind1="3" ind2="1" tag="246">
		<subfield code="6">880-03</subfield>
		<subfield code="a">OEUVRES PHILOSOPHIQUES ET MYSTIQUES DE SHIHABADDIN YAHYA SOHRAWARDI</subfield>
		<subfield code="i">Parallel title on volume 2:</subfield>
	</datafield>
	<datafield ind1="1" ind2=" " tag="246">
		<subfield code="i">Parallel title on volume 2:</subfield>
		<subfield code="a">OPERA METAPHYSICA ET MYSTICA</subfield>
	</datafield>
	<datafield ind1=" " ind2="1" tag="264">
		<subfield code="6">880-04</subfield>
		<subfield code="a">Istānbūl :</subfield>
		<subfield code="b">Maṭbaʻat al-Maʻārif,</subfield>
		<subfield code="c">1945.</subfield>
	</datafield>
	<datafield ind1=" " ind2=" " tag="300">
		<subfield code="6">880-05</subfield>
		<subfield code="a">online resource (2 volumes)</subfield>
	</datafield>
	<datafield ind1=" " ind2=" " tag="336">
		<subfield code="a">text</subfield>
		<subfield code="2">rdacontent</subfield>
	</datafield>
	<datafield ind1=" " ind2=" " tag="337">
		<subfield code="a">computer</subfield>
		<subfield code="2">rdamedia</subfield>
	</datafield>
	<datafield ind1=" " ind2=" " tag="338">
		<subfield code="a">online resource</subfield>
		<subfield code="2">rdacarrier</subfield>
	</datafield>
	<datafield ind1="1" ind2=" " tag="490">
		<subfield code="6">880-06</subfield>
		<subfield code="a">al-Nashrīyāt al-Islāmīyah ;</subfield>
		<subfield code="v">16/1</subfield>
	</datafield>
	<datafield ind1=" " ind2=" " tag="500">
		<subfield code="a">Part of the Arabic Collections Online (ACO) project, contributed by American University of Beirut's Jafet Memorial Library.</subfield>
	</datafield>
	<datafield ind1=" " ind2=" " tag="533">
		<subfield code="a">Electronic reproduction.</subfield>
		<subfield code="b">New York, N.Y. :</subfield>
		<subfield code="c">New York University,</subfield>
		<subfield code="d">2019.</subfield>
		<subfield code="5">NNU</subfield>
	</datafield>
	<datafield ind1=" " ind2="0" tag="650">
		<subfield code="6">880-07</subfield>
		<subfield code="a">Philosophy, Arab</subfield>
		<subfield code="v">Early works to 1800.</subfield>
	</datafield>
	<datafield ind1=" " ind2="0" tag="650">
		<subfield code="6">880-08</subfield>
		<subfield code="a">Philosophy, Iranian</subfield>
		<subfield code="v">Early works to 1800.</subfield>
	</datafield>
	<datafield ind1=" " ind2="0" tag="650">
		<subfield code="6">880-09</subfield>
		<subfield code="a">Mysticism</subfield>
		<subfield code="x">Islam</subfield>
		<subfield code="v">Early works to 1800.</subfield>
	</datafield>
	<datafield ind1="1" ind2=" " tag="700">
		<subfield code="6">880-10</subfield>
		<subfield code="a">Corbin, Henry,</subfield>
		<subfield code="e">compiler.</subfield>
	</datafield>
	<datafield ind1="2" ind2=" " tag="710">
		<subfield code="a">Jafet Memorial Library.</subfield>
	</datafield>
	<datafield ind1="0" ind2=" " tag="730">
		<subfield code="a">Arabic Collections Online.</subfield>
	</datafield>
	<datafield ind1="0" ind2="8" tag="776">
		<subfield code="i">Print version:</subfield>
		<subfield code="a">Suhrawardī, Yaḥyá ibn Ḥabash, 1152 or 1153-1191, author.</subfield>
		<subfield code="t">Majmūʻah fī al-ḥikmah al-ilāhīyah</subfield>
		<subfield code="w">(LeBAU)b12362839</subfield>
	</datafield>
	<datafield ind1="0" ind2="0" tag="785">
		<subfield code="6">880-11</subfield>
		<subfield code="i">is continued by (work)</subfield>
		<subfield code="4">http://rdaregistry.info/Elements/w/P10191:</subfield>
		<subfield code="t">Majmūʼah-ʻi duvvum-i muṣannāfāt-i Shaykh Ishrāq Shahāb al-Dīn Yaḥyā Suhrawardī dar hikmat-i Ilāhī.</subfield>
		<subfield code="d">Tihrān : Instītū-yi Īrān va Frānsah, Qismat-i Īranshināsī, 1331 [H. Sh.] = 1952 [M.].</subfield>
		<subfield code="g">volume 2</subfield>
		<subfield code="w">(OCoLC)784268719</subfield>
		<subfield code="w">(OCoLC)784268719</subfield>
	</datafield>
	<datafield ind1=" " ind2="0" tag="830">
		<subfield code="6">880-12</subfield>
		<subfield code="a">al-Nashrīyāt al-Islāmīyah ;</subfield>
		<subfield code="v">16/1.</subfield>
	</datafield>
	<datafield ind1="4" ind2="0" tag="856">
		<subfield code="u">http://hdl.handle.net/2333.1/hx3ffjq3</subfield>
	</datafield>
	<datafield ind1="1" ind2=" " tag="880">
		<subfield code="6">100-01</subfield>
		<subfield code="a">السهروردي، يحيى بن حبش،</subfield>
		<subfield code="d">1152 او 1153-1191،</subfield>
		<subfield code="e">مؤلف.</subfield>
		<subfield code="4">aut.</subfield>
	</datafield>
	<datafield ind1="1" ind2="0" tag="880">
		<subfield code="6">245-02</subfield>
		<subfield code="a">مجموعة في الحكمة الإلهية /</subfield>
		<subfield code="c">من مصنفات شهاب الدين يحي بن حبش السهروردي ؛ عني بتصحيحه هـ. كوربين = OPERA METAPHYSICA ET MYSTICA / ṢIHĀBADDĪN YAḤYĀ AS-SUHRAWARDĪ / EDIDIT ET PROLEGOMENIS INSTRUXIT HENRICUS CORBIN.</subfield>
	</datafield>
	<datafield ind1="3" ind2="1" tag="880">
		<subfield code="6">246-03</subfield>
		<subfield code="i">عنوان الجزء الثاني الموازي:</subfield>
		<subfield code="a">OEUVRES PHILOSOPHIQUES ET MYSTIQUES DE SHIHABADDIN YAHYA SOHRAWARDI</subfield>
	</datafield>
	<datafield ind1=" " ind2="1" tag="880">
		<subfield code="6">264-04</subfield>
		<subfield code="a">استانبول :</subfield>
		<subfield code="b">مطبعة المعارف،</subfield>
		<subfield code="c">1945.</subfield>
	</datafield>
	<datafield ind1=" " ind2=" " tag="880">
		<subfield code="6">300-05</subfield>
		<subfield code="a">2 جزء ؛</subfield>
		<subfield code="c">25 سم.</subfield>
	</datafield>
	<datafield ind1="1" ind2=" " tag="880">
		<subfield code="6">490-06</subfield>
		<subfield code="a">النشرات الاسلامية ؛</subfield>
		<subfield code="v">16/1</subfield>
	</datafield>
	<datafield ind1=" " ind2=" " tag="880">
		<subfield code="6">500-00</subfield>
		<subfield code="a">النشريات الاسلامية لجمعية المستشرقين الالمانية.</subfield>
	</datafield>
	<datafield ind1=" " ind2=" " tag="880">
		<subfield code="6">546-00</subfield>
		<subfield code="a">النص بالعربية؛ مع مقدمة بالفرنسية.</subfield>
	</datafield>
	<datafield ind1=" " ind2="4" tag="880">
		<subfield code="6">650-07</subfield>
		<subfield code="a">الفلسفة العربية</subfield>
		<subfield code="v">اعمال قديمة حتى 1800.</subfield>
	</datafield>
	<datafield ind1=" " ind2="4" tag="880">
		<subfield code="6">650-08</subfield>
		<subfield code="a">الفلسفة الإيرانية</subfield>
		<subfield code="v">أعمال قديمة حتى 1800.</subfield>
	</datafield>
	<datafield ind1=" " ind2="4" tag="880">
		<subfield code="6">650-09</subfield>
		<subfield code="a">التصوف</subfield>
		<subfield code="x">الاسلام</subfield>
		<subfield code="v">اعمال قديمة حتى 1800.</subfield>
	</datafield>
	<datafield ind1="1" ind2=" " tag="880">
		<subfield code="6">700-10</subfield>
		<subfield code="a">كوربان، هنري،</subfield>
		<subfield code="e">معد.</subfield>
		<subfield code="4">com.</subfield>
	</datafield>
	<datafield ind1="0" ind2="0" tag="880">
		<subfield code="6">785-11</subfield>
		<subfield code="i">يكمل (عمل)</subfield>
		<subfield code="4">http://rdaregistry.info/Elements/w/P10191:</subfield>
		<subfield code="t">مجموعة دوم مصنفات شيخ إشراق شهاب الدين يحيى سهروردي در حكمت إلهي.</subfield>
		<subfield code="d">تهران : انستيتو إيران وفرانسه، قسمت ايرانشناسى، 1331 [هـ. ش.] = 1952 [م.].</subfield>
		<subfield code="g">الجزء الثاني</subfield>
		<subfield code="w">b12364903</subfield>
		<subfield code="w">(OCoLC)784268719</subfield>
	</datafield>
	<datafield ind1=" " ind2="3" tag="880">
		<subfield code="6">830-12</subfield>
		<subfield code="a">النشرات الاسلامية ؛</subfield>
		<subfield code="v">16/1.</subfield>
	</datafield>
	<datafield ind1=" " ind2=" " tag="959">
		<subfield code="a">NNU</subfield>
		<subfield code="b">WEB</subfield>
		<subfield code="c">GENI</subfield>
		<subfield code="t">0</subfield>
		<subfield code="m">Electronic access</subfield>
		<subfield code="s">01</subfield>
	</datafield>
	<datafield ind1=" " ind2=" " tag="999">
		<subfield code="i">LeBAU_b12362839</subfield>
		<subfield code="s">aub_aco002213:v.1</subfield>
		<subfield code="e">(ERROR-880)(ERROR-MISC)</subfield>
		<subfield code="s">aub_aco002213:v.1</subfield>
	</datafield>
</record>
